<record><leader>00000cas a22000007a 4500</leader><controlfield tag="001">18692855</controlfield><controlfield tag="008">881031d18791uuuiau x ne      0    0eng d</controlfield><datafield ind1=" " ind2=" " tag="010"><subfield code="a">sn 88059238 </subfield></datafield><datafield ind1=" " ind2=" " tag="040"><subfield code="a">INP</subfield><subfield code="b">eng</subfield><subfield code="c">INP</subfield><subfield code="d">OCLCQ</subfield></datafield><datafield ind1=" " ind2=" " tag="042"><subfield code="a">msc</subfield></datafield><datafield ind1="0" ind2=" " tag="130"><subfield code="a">Sun (Ainsworth, Iowa)</subfield></datafield><datafield ind1="1" ind2="4" tag="245"><subfield code="a">The sun.</subfield></datafield><datafield ind1="1" ind2="3" tag="246"><subfield code="a">Ainsworth sun</subfield></datafield><datafield ind1=" " ind2=" " tag="260"><subfield code="a">Ainsworth, Iowa :</subfield><subfield code="b">Ainsworth Business Men,</subfield><subfield code="c">1879-</subfield></datafield><datafield ind1=" " ind2=" " tag="300"><subfield code="a">v.</subfield></datafield><datafield ind1="0" ind2=" " tag="362"><subfield code="a">Vol. 1, no. 1 [(Dec. 29, 1879)]-</subfield></datafield><datafield ind1=" " ind2=" " tag="500"><subfield code="a">"Published occasionally."</subfield></datafield><datafield ind1=" " ind2=" " tag="515"><subfield code="a">Vol. 1, no. 1 (Dec. 29, 1879) issue misdated Dec. 29, 8179.</subfield></datafield><datafield ind1=" " ind2=" " tag="752"><subfield code="a">United States</subfield><subfield code="b">Iowa</subfield><subfield code="c">Washington</subfield><subfield code="d">Ainsworth.</subfield></datafield></record>